@inproceedings{b1,
author={S. {Shamshiri} and J. M. {Rojas} and J. P. {Galeotti} and N. {Walkinshaw} and G. {Fraser}},
booktitle={Proceedings of the International Conference on Software Testing, Verification and Validation (ICST)},
title={How Do Automatically Generated Unit Tests Influence Software Maintenance?},
pages={250-261},
year={2018},
}

@inproceedings{b2,
author={C. K. {Roy} and J. R. {Cordy}},
booktitle={Proceedings of the International Conference on Program Comprehension (ICPC)},
title={NICAD: Accurate Detection of Near-Miss Intentional Clones Using Flexible Pretty-Printing and Code Normalization},
pages={172-181},
year={2008},
}

@inproceedings{b3,
author = {Fraser, Gordon and Arcuri, Andrea},
title = {EvoSuite: Automatic Test Suite Generation for Object-oriented Software},
booktitle = {Proceedings of the Symposium on the Foundations of Software Engineering (FSE)},
pages = {416--419}, 
year = {2011},
} 


@book{b4,
  author = {Beck, Kent},
  publisher = {Addison-Wesley Longman, Amsterdam},
  title = {Test Driven Development. By Example (Addison-Wesley Signature)},
  year = 2002
}

@inproceedings{b5,
 author = {Greiler, Michaela and Zaidman, Andy and Deursen, Arie van and Storey, Margaret-Anne},
 title = {Strategies for Avoiding Text Fixture Smells During Software Evolution},
 booktitle = {Proceedings of the 10th Working Conference on Mining Software Repositories (MSR)},
 pages = {387--396},
 year = {2013},
} 

@book{b6,
  author = {Meszaros, Gerard},
  publisher = {Addison-Wesley},
  title = {xUnit Test Patterns: Refactoring Test Code},
  year = {2007},
}

@techreport{b7,
 author = {Deursen, Arie and Moonen, Leon M.F. and Bergh, A. and Kok, Gerard},
 title = {Refactoring Test Code},
 year = {2001},
 publisher = {CWI (Centre for Mathematics and Computer Science)},
} 


@INPROCEEDINGS{b8,
author={D. {Spadini} and F. {Palomba} and A. {Zaidman} and M. {Bruntink} and A. {Bacchelli}},
booktitle={Proceedings of the International Conference on Software Maintenance and Evolution (ICSME)},
title={On the Relation of Test Smells to Software Code Quality},
pages={1-12},
year={2018},
}



@inproceedings{b9,
 author = {Peruma, Anthony and Almalki, Khalid and Newman, Christian D. and Mkaouer, Mohamed Wiem and Ouni, Ali and Palomba, Fabio},
 title = {On the Distribution of Test Smells in Open Source Android Applications: An Exploratory Study},
 booktitle = {Proceedings of the International Conference on Computer Science and Software Engineering (CASCON)},
 pages = {193--202},
 year = {2019},
} 


%\bibitem{b12} P. Machado and A. Sampaio, ``Automatic Test-Case Generation," Testing Techniques in Software Eng., vol. 6153, pp. 59--103, 2010. 

@article{b12,
 author = {Hanford, K. V.},
 title = {Automatic Generation of Test Cases},
 journal = {IBM Syst. J.},
 volume = {9},
 number = {4},
 month = dec,
 year = {1970},
 pages = {242--257},
 numpages = {16}
} 

@inproceedings{b13,
 author = {Panichella, Sebastiano and Panichella, Annibale and Beller, Moritz and Zaidman, Andy and Gall, Harald C.},
 title = {The Impact of Test Case Summaries on Bug Fixing Performance: An Empirical Investigation},
 booktitle = {Proceeding of the International Conference on Software Engineering (ICSE)},
 pages = {547--558},
 year = {2016},
} 


@inproceedings{b14,
 author = {Daka, Ermira and Campos, Jos{\'e} and Fraser, Gordon and Dorn, Jonathan and Weimer, Westley},
 title = {Modeling Readability to Improve Unit Tests},
 booktitle = {Proceedings of the Joint Meeting on Foundations of Software Engineering (ESEC/FSE)},
 pages = {107--118},
 year = {2015}
} 


@inproceedings{b15,
 author = {Palomba, Fabio and Panichella, Annibale and Zaidman, Andy and Oliveto, Rocco and De Lucia, Andrea},
 title = {Automatic Test Case Generation: What if Test Code Quality Matters?},
 booktitle = {Proceedings of the International Symposium on Software Testing and Analysis (ISSTA)},
 pages = {130--141},
 year = {2016},
} 

@INPROCEEDINGS{b16,
author={L. {Ma} and C. {Artho} and C. {Zhang} and H. {Sato} and J. {Gmeiner} and R. {Ramler}},
booktitle={IEEE/ACM International Conference on Automated Software Engineering (ASE)},
title={GRT: Program-Analysis-Guided Random Testing (T)},
pages={212-223},
year={2015},
}

@INPROCEEDINGS{b17,
author={A. {Panichella} and F. M. {Kifetew} and P. {Tonella}},
booktitle={2015 IEEE 8th International Conference on Software Testing, Verification and Validation (ICST)},
title={Reformulating Branch Coverage as a Many-Objective Optimization Problem},
pages={1-10},
year={2015},
}


@inproceedings{b18,
 author = {Prasetya, I. S. W. B.},
 title = {T3: Benchmarking at Third Unit Testing Tool Contest},
 booktitle = {Proceedings of the Eighth International Workshop on Search-Based Software Testing},
 series = {SBST '15},
 year = {2015},
 pages = {44--47},
} 


@article{b19,
  title={Instance Generator and Problem Representation to Improve Object Oriented Code Coverage},
  author={Abdelilah Sakti and Gilles Pesant and Yann-Ga{\"e}l Gu{\'e}h{\'e}neuc},
  journal={IEEE Transactions on Software Engineering},
  pages={294--313},
  year={2015},
  volume={41},
}

@Article{b20,
author={Ellims, Michael and Bridges, James and Ince, Darrel C.},
title={The Economics of Unit Testing},
journal={Empirical Software Engineering},
year={2006},
volume={11},
number={1},
pages={5--31},
}


@book{b22,
 author = {Appel, Frank},
 title = {Testing with Junit},
 year = {2015},
 isbn = {1782166602, 9781782166603},
 publisher = {Packt Publishing},
} 


@inproceedings{Zhang:2017,
 author = {Zhang, Tianyi and Kim, Miryung},
 title = {Automated Transplantation and Differential Testing for Clones},
 booktitle = {Proc. of ICSE '17},
 year = {2017},
 pages = {665--676},
} 


@inproceedings{Jiang:2007,
 author = {Jiang, Lingxiao and Misherghi, Ghassan and Su, Zhendong and Glondu, Stephane},
 title = {{DECKARD}: Scalable and Accurate Tree-Based Detection of Code Clones},
 booktitle = {Proceedings of the International Conference on Software Engineering},
 pages = {96--105},
 year = {2007},
} 

@Article{soha:2013,
 author = {Makady,Soha and Walker,Robert James},
 title = {Validating pragmatic reuse tasks by leveraging existing test suites},
 journal = {Software Practice and Experience},
 pages = {1039--1070},
 year = {2013},
} 

@inproceedings{Fabio2016,
 author = {Palomba,Fabio and Nucci,Dario Di and Panichella,Annibale and Oliveto,Rocco and Lucia,Andrea De},
 title = {On the Diffusion of Test Smells in Automatically Generated Test Code: An Empirical Study},
 booktitle = {Proceedings of the International Workshop on Search-Based Software Testing},
 pages = {5--14},
 year = {2016}
} 

